@MISC{ pysimcoder-book,
  AUTHOR = {Bucher, Roberto},
  TITLE  = {Python for control purposes},
  YEAR   = {2019},
  URL    = {https://robertobucher.dti.supsi.ch/wp-content/uploads/2017/03/BookPythonForControl.pdf},
  URLDATE= {2022-05-10}
}


@BOOK{ cntrl-sys-book,
  AUTHOR = {Dorf, Richard C.},
  TITLE  = {Modern Control Systems},
  EDITION = 6,
  PUBLISHER = {Addison-Wesley},
  ADDRESS = {Menlo Park},
  YEAR   = {1992},
  ISBN = {0-201-60701-8}
}

@BOOK{ linear-alg-book,
  AUTHOR = {Shafarevich I. , Remizov A.},
  TITLE  = {Linear Algebra and Geometry},
  EDITION = 1,
  PUBLISHER = {Springer},
  ADDRESS = {Berlin},
  YEAR   = {2013},
  ISBN = {978-3-642-30993-9}
}

@MISC{ tia-portal,
  AUTHOR = {Siemens},
  TITLE  = {Totally Integrated Automation Portal},
  YEAR   = {2022},
  URL    = {https://new.siemens.com/global/en/products/automation/industry-software/automation-software/tia-portal.html},
  URLDATE= {2022-05-13}
}

@MISC{ codesys,
  AUTHOR = {CODESYS\ Group},
  TITLE  = {CODESYS - THE COMPREHENSIVE SOFTWARE SUITE FOR AUTOMATION TECHNOLOGY},
  YEAR   = {2022},
  URL    = {https://www.codesys.com/the-system.html},
  URLDATE= {2022-05-13}
}

@MISC{ fusion360,
  AUTHOR = {Autodesk},
  TITLE  = {Integrated CAD, CAM, CAE, and PCB software.},
  YEAR   = {2022},
  URL    = {https://www.autodesk.com/products/fusion-360/overview},
  URLDATE= {2022-05-13}
}

@MISC{ ltspice,
  AUTHOR = {Analog\ Devices\ Inc},
  TITLE  = {LTspice},
  YEAR   = {2022},
  URL    = {https://www.analog.com/en/design-center/design-tools-and-calculators/ltspice-simulator.html},
  URLDATE= {2022-05-13}
}

@MISC{ simu-coder,
  AUTHOR = {The\ MathWorks\ Inc},
  TITLE  = {Simulink Coder},
  YEAR   = {2022},
  URL    = {https://www.mathworks.com/products/simulink-coder.html},
  URLDATE= {2022-05-13}
}

@MISC{ simu-mux,
  AUTHOR = {The\ MathWorks\ Inc},
  TITLE  = {Mux Block},
  YEAR   = {2022},
  URL    = {https://www.mathworks.com/help/simulink/slref/mux.html},
  URLDATE= {2022-05-13}
}

@MISC{ simu-demux,
  AUTHOR = {The\ MathWorks\ Inc},
  TITLE  = {Demux Block},
  YEAR   = {2022},
  URL    = {https://www.mathworks.com/help/simulink/slref/demux.html},
  URLDATE= {2022-05-13}
}


@MISC{ qtnodes,
  AUTHOR = {Bülter, Christoph},
  TITLE  = {qtnodes},
  YEAR   = {2022},
  URL    = {https://github.com/cb109/qtnodes},
  URLDATE= {2022-05-13}
}

@INPROCEEDINGS{ pysimed,
  AUTHOR={Fabo P., Gašpar G.},
  BOOKTITLE={Proceedings of the 16th International Conference on Mechatronics - Mechatronika 2014}, 
  TITLE={pySimEd - universal framework for visual programming}, 
  YEAR={2014},
  VOLUME={},
  NUMBER={},
  PAGES={560-563},
  DOI={10.1109/MECHATRONIKA.2014.7018320}
}

@MANUAL{ mzapo-datasheet,
  AUTHOR = {Píša, Pavel},
  TITLE  = {MicroZed APO},
  YEAR   = {2022},
  MONTH = may,
  URL    = {https://cw.fel.cvut.cz/b202/_media/courses/b35apo/en/semestral/mz_apo-datasheet-en.pdf},
}

@MISC{ mzapo-simulink,
  AUTHOR = {Cerny, Lukas},
  TITLE  = {Simulink files for Zynq RT control},
  YEAR   = {2020},
  URL    = {https://github.com/aa4cc/zynq-rt-control},
  URLDATE= {2022-05-13}
}

@MISC{ ert-linux-paper,
  AUTHOR = {Sojka M., Píša P.},
  TITLE  = {Usable Simulink Embedded Coder Target for Linux},
  YEAR   = {2020},
  URL    = {https://rtime.felk.cvut.cz/publications/public/ert_linux.pdf},
  URLDATE= {2022-05-13}
}


@MISC{ ert-linux-repo,
  AUTHOR = {Sojka M., Píša P., Gurtner M. and Hamacek L.},
  TITLE  = {Minimalist Simulink Coder Target for Linux},
  YEAR   = {2020},
  URL    = {https://github.com/aa4cc/ert_linux},
  URLDATE= {2022-05-13}
}

@MISC{ mzapo-dcpid-follower,
  AUTHOR = {Beqiri, Dion},
  TITLE  = {DC Motor follower with PID for MZ_APO kit},
  YEAR   = {2021},
  URL    = {https://github.com/robertobucher/pysimCoder-examples/tree/main/Linux-mzapo/DCmotor},
  URLDATE= {2022-05-13}
}

@MISC{ rpi-rt-cntrl,
  AUTHOR = {Píša, Pavel},
  TITLE  = {Raspberry Pi Real-Time Control Support and Experiments},
  YEAR   = {2015},
  URL    = {https://github.com/ppisa/rpi-rt-control},
  URLDATE= {2022-05-13}
}


@MISC{ rpi-mcu,
  AUTHOR = {Raspberry\ Pi\ Ltd},
  TITLE  = {What is a Raspberry Pi?},
  YEAR   = {2022},
  URL    = {https://www.raspberrypi.org/help/what-%20is-a-raspberry-pi/},
  URLDATE= {2022-05-13}
}

@MISC{ rpi-2b,
  AUTHOR = {Raspberry\ Pi\ Ltd},
  TITLE  = {Raspberry Pi 2 Model B},
  YEAR   = {2022},
  URL    = {https://www.raspberrypi.com/products/raspberry-pi-2-model-b/},
  URLDATE= {2022-05-13}
}

@MISC{ fpga-realtime,
  AUTHOR = {Píša, Pavel},
  TITLE  = {GNU/Linux and FPGA in Real-time Control Applications},
  YEAR   = {2017},
  URL    = {https://installfest.cz/if17/slides/so_t2_pisa_realtime.pdf},
  URLDATE= {2022-05-13}
}

@MISC{ fpga-thesis,
  AUTHOR = {Prudek, Martin},
  TITLE  = {Brushless motor control with Raspberry Pi board and Linux},
  YEAR   = {2015},
  URL    = {http://hdl.handle.net/10467/62036},
  URLDATE= {2022-05-13}
}

@MISC{ nuttx-about,
  AUTHOR = {The\ Apache\ Software\ Foundation},
  TITLE  = {About Apache NuttX},
  YEAR   = {2020},
  URL    = {https://nuttx.apache.org/docs/latest/introduction/about.html},
  URLDATE= {2022-05-13}
}

@MISC{ nuttx-support,
  AUTHOR = {The\ Apache\ Software\ Foundation},
  TITLE  = {NuttX Supported Platforms},
  YEAR   = {2020},
  URL    = {https://nuttx.apache.org/docs/latest/introduction/supported_platforms.html},
  URLDATE= {2022-05-13}
}

@MISC{ nuttx-source,
  AUTHOR = {The\ Apache\ Software\ Foundation},
  TITLE  = {NuttX Source Code on Github},
  YEAR   = {2022},
  URL    = {https://github.com/apache/incubator-nuttx},
  URLDATE= {2022-05-13}
}

@MISC{ nuttx-pysim,
  AUTHOR = {The\ Apache\ Software\ Foundation},
  TITLE  = {pysimCoder integration with NuttX},
  YEAR   = {2020},
  URL    = {https://nuttx.apache.org/docs/latest/guides/pysimcoder.html},
  URLDATE= {2022-05-13}
}

@MISC{ esp32c3-devkit,
  AUTHOR = {Espressif\ Systems\ Co., Ltd.},
  TITLE  = {ESP32C3-DevKitM-1},
  YEAR   = {2022},
  URL    = {https://docs.espressif.com/projects/esp-idf/en/latest/esp32c3/hw-reference/esp32c3/user-guide-devkitm-1.html},
  URLDATE= {2022-05-13}
}

@MANUAL{ esp32c3-datasheet,
  AUTHOR = {Espressif\ Systems\ Co., Ltd.},
  TITLE  = {ESP32-­C3-­MINI-­1 Datasheet},
  YEAR   = {2021},
  MONTH = june,
  URL    = {https://www.espressif.com/sites/default/files/documentation/esp32-c3-mini-1_datasheet_en.pdf}
}

@MISC{ rpi-fpga-pins,
  AUTHOR = {Píša, Pavel},
  TITLE  = {RPi and rpi-mc-1 Board Pins},
  YEAR   = {2015},
  URL    = {https://gitlab.com/pikron/projects/rpi/rpi-mc-1/-/blob/master/doc/rpi_gpio_use.md},
  URLDATE= {2022-05-13}
}

@MISC{ esp32c3-can-repo,
  AUTHOR = {Chrvat, Jan},
  TITLE  = {CAN driver for ESP32C3},
  YEAR   = {2022},
  URL    = {https://github.com/apache/incubator-nuttx/commit/e28584131dc5b3d39fd9c103eb7e2615da275c40},
  URLDATE= {2022-05-13}
}

@MISC{ pysim-nuttx-pres,
  AUTHOR = {Bucher, Roberto},
  TITLE  = {Rapid Control Prototyping with pysimCoder and NuttX},
  YEAR   = {2021},
  URL    = {https://www.youtube.com/watch?v=IwX_-FsSyVI},
  URLDATE= {2022-05-16}
}

@MISC{ esp32c3-twai,
  AUTHOR = {Charvát, Jan},
  TITLE  = {incubator-nuttx/esp32c3-twai (branch)},
  YEAR   = {2022},
  URL    = {https://github.com/charvj/incubator-nuttx/tree/esp32c3-twai},
  URLDATE= {2022-05-16}
}
